
@article{barakat_intelligible_2010,
	title = {Intelligible {Support} {Vector} {Machines} for {Diagnosis} of {Diabetes} {Mellitus}},
	volume = {14},
	issn = {1089-7771},
	url = {http://ieeexplore.ieee.org/document/5378519/},
	doi = {10.1109/TITB.2009.2039485},
	number = {4},
	urldate = {2018-10-22},
	journal = {IEEE Transactions on Information Technology in Biomedicine},
	author = {Barakat, Nahla and Bradley, Andrew P and Barakat, Mohamed Nabil H},
	month = jul,
	year = {2010},
	pages = {1114--1120}
}