
@article{han_rule_2015,
	title = {Rule {Extraction} {From} {Support} {Vector} {Machines} {Using} {Ensemble} {Learning} {Approach}: {An} {Application} for {Diagnosis} of {Diabetes}},
	volume = {19},
	issn = {2168-2194, 2168-2208},
	shorttitle = {Rule {Extraction} {From} {Support} {Vector} {Machines} {Using} {Ensemble} {Learning} {Approach}},
	doi = {10.1109/JBHI.2014.2325615},
	number = {2},
	urldate = {2018-10-22},
	journal = {IEEE Journal of Biomedical and Health Informatics},
	author = {Han, Longfei and Luo, Senlin and Yu, Jianmin and Pan, Limin and Chen, Songjing},
	month = mar,
	year = {2015},
	pages = {728--734}
}
